@book{armstrong2014,
 author = {Armstrong, Michael and Taylor, Stephen},
 title = {Armstrong's handbook of human resource management practice},
 year = {2014},
 edition = {13},
 publisher = {Kogan Page Publishers}
}

@article{miwa2010,
  author={Miwa, Kanna and Takakuwa, Soemon},
  booktitle={Proceedings of the 2010 Winter Simulation Conference},
  title={Optimization and analysis of staffing problems at a retail store},
  year={2010},
  volume={},
  number={},
  pages={1911-1923},
}

@online{cipd2020workforce,
    author = {CIPD},
    title = {Workforce planning factsheet.},
    url= {https://www.cipd.co.uk/knowledge/strategy/organisational-development/workforce-planning-factsheet},
    urldate={2020-10-18},
}

@article{flo2013shift,
  title={Shift-related sleep problems vary according to work schedule},
  author={Flo, Elisabeth and Pallesen, St{\aa}le and {\AA}kerstedt, Torbj{\o}rn and Mager{\o}y, Nils and Moen, Bente Elisabeth and Gr{\o}nli, Janne and Nordhus, Inger Hilde and Bjorvatn, Bj{\o}rn},
  journal={Occupational and environmental medicine},
  volume={70},
  number={4},
  pages={238--245},
  year={2013},
  publisher={BMJ Publishing Group Ltd}
}

@inproceedings{lin2015,
  author={Lin, Dingding and Tong, Yue and Niu, Ganggang and Xue, Yongqing and Shi, Xin and Ren, Changrui and Zhang, Zongying},
  booktitle={2015 IEEE International Conference on Service O\-pe\-ra\-tions And Logistics, And Informatics (SOLI)},
  title={Scheduling workforce for retail stores with employee preferences},
  year={2015},
  volume={},
  number={},
  pages={37-42},
}

@book{lauesen2002,
 author = {Lauesen, Soren},
 title = {Software requirements: styles and techniques},
 publisher = {Pearson Education},
 year = {2002}
}

@online{zakonik06-262,
  publisher = {{Zákon č. 262/2006 Sb., zákoník práce}},
}

@article{hitt2002investment,
  title={Investment in enterprise resource planning: Business impact and productivity measures},
  author={Hitt, Lorin M and Wu, DJ and Zhou, Xiaoge},
  journal={Journal of management information systems},
  volume={19},
  number={1},
  pages={71--98},
  year={2002},
  publisher={Taylor \& Francis}
}

@article{cai2000genetic,
  title={A genetic algorithm for scheduling staff of mixed skills under multi-criteria},
  author={Cai, X and Li, KN},
  journal={European journal of operational research},
  volume={125},
  number={2},
  pages={359--369},
  year={2000},
  publisher={Elsevier}
}

@article{bechtold1981work,
  title={Work force scheduling for arbitrary cyclic demands},
  author={Bechtold, Stephen E},
  journal={Journal of Operations Management},
  volume={1},
  number={4},
  pages={205--214},
  year={1981},
  publisher={Elsevier}
}

@article{ernst2004staff,
  title={Staff scheduling and rostering: A review of applications, methods and models},
  author={Ernst, Andreas T and Jiang, Houyuan and Krishnamoorthy, Mohan and Sier, David},
  journal={European journal of operational research},
  volume={153},
  number={1},
  pages={3--27},
  year={2004},
  publisher={Elsevier}
}

@inproceedings{wongwien2013ergonomic,
  title={Ergonomic workforce scheduling with productivity and employee satisfaction con\-si\-de\-ra\-tion},
  author={Wongwien, Tanuchporn and Nanthavanij, Suebsak},
  booktitle={Proceedings of the 4th International Conference on Engineer\-ing, Project, and Production Management},
  pages={1108--1116},
  year={2013}
}

@article{mohring2004scheduling,
  title={Scheduling with AND/OR precedence constraints},
  author={M{\"o}hring, Rolf H and Skutella, Martin and Stork, Frederik},
  journal={SIAM Journal on Computing},
  volume={33},
  number={2},
  pages={393--415},
  year={2004},
  publisher={SIAM}
}

@book{pinedo2005planning,
  title={Planning and scheduling in manufacturing and services},
  author={Pinedo, Michael},
  year={2005},
  publisher={Springer}
}

@online{swagger2020bearer,
  title={Bearer Authentication},
  author={Swagger},
  urldate={2020-10-25},
  url={https://swagger.io/docs/specification/authentication/bearer-authentication/}
}

@article{todorovic2012bee,
  title={Bee colony optimization algorithm for nurse rostering},
  author={Todorovic, Nikola and Petrovic, Sanja},
  journal={IEEE Transactions on Systems, Man, and Cybernetics: Systems},
  volume={43},
  number={2},
  pages={467--473},
  year={2012},
  publisher={IEEE}
}

@incollection{teodorovic2009bee,
  title={Bee colony optimization (BCO)},
  author={Teodorovi{\'c}, Du{\v{s}}an},
  booktitle={Innovations in swarm intelligence},
  pages={39--60},
  year={2009},
  publisher={Springer}
}

@article{awadallah2015hybrid,
  title={A hybrid artificial bee colony for a nurse rostering problem},
  author={Awadallah, Mohammed A and Bolaji, Asaju La’aro and Al-Betar, Mohammed Azmi},
  journal={Applied Soft Computing},
  volume={35},
  pages={726--739},
  year={2015},
  publisher={Elsevier}
}

@article{buyukozkan2014applicability,
  title={Applicability of artificial bee colony algorithm for nurse scheduling problems},
  author={Buyukozkan, Kadir and Sarucan, Ahmet},
  journal={International Journal of Computational Intelligence Systems},
  volume={7},
  number={sup1},
  pages={121--136},
  year={2014},
  publisher={Taylor \& Francis}
}

@article{khader2013artificial,
  title={Artificial bee colony algorithm, its variants and applications: a survey},
  author={Khader, Ahamad Tajudin and Al-betar, Mohammed Azmi and Mohammed, A Awadallah},
  year={2013},
  publisher={Citeseer}
}

@article{rajeswari2017directed,
  title={Directed bee colony optimization algorithm to solve the nurse rostering problem},
  author={Rajeswari, M and Amudhavel, J and Pothula, Sujatha and Dhavachelvan, P},
  journal={Computational intelligence and neuroscience},
  volume={2017},
  year={2017},
  publisher={Hindawi}
}

@article{brucker2005decomposition,
  title={A decomposition, construction and post-pro\-cess\-ing approach for nurse rostering},
  author={Brucker, Peter and Qu, Rong and Burke, Edmund and Post, Gerhard},
  year={2005}
}

@article{becker2020decomposition,
  title={A decomposition heuristic for rotational workforce scheduling},
  author={Becker, Tristan},
  journal={Journal of Scheduling},
  volume={23},
  number={5},
  pages={539--554},
  year={2020},
  publisher={Springer}
}

@article{ceschia2015second,
  title={Second International Nurse Rostering Competition (INRC-II)—Problem Description and Rules—},
  author={Ceschia, Sara and Dang, Nguyen Thi Thanh and De Causmaecker, Patrick and Haspeslagh, Stefaan and Schaerf, Andrea},
  journal={arXiv preprint arXiv:1501.04177},
  year={2015}
}

@article{petrovic2012comparison,
  title={A comparison of two approaches to nurse rostering problems},
  author={Petrovic, Sanja and Berghe, Greet Vanden},
  journal={Annals of Operations Research},
  volume={194},
  number={1},
  pages={365--384},
  year={2012},
  publisher={Springer}
}

@article{burke2004state,
  title={The state of the art of nurse rostering},
  author={Burke, Edmund K and De Causmaecker, Patrick and Berghe, Greet Vanden and Van Landeghem, Hendrik},
  journal={Journal of scheduling},
  volume={7},
  number={6},
  pages={441--499},
  year={2004},
  publisher={Springer}
}

@article{satheeshkumar2014linear,
  title={Linear programming applied to nurses shifting problems},
  author={Satheeshkumar, B and Nareshkumar, S and Kumaraghuru, S},
  journal={International Journal of science and research},
  volume={3},
  number={3},
  pages={171--173},
  year={2014}
}

@article{blochliger2004modeling,
  title={Modeling staff scheduling problems. A tutorial},
  author={Bl{\"o}chliger, Ivo},
  journal={European Journal of Operational Research},
  volume={158},
  number={3},
  pages={533--542},
  year={2004},
  publisher={Elsevier}
}

@online{matousek2006linearni,
  title={Lineární programování},
  subtitle={Úvod pro informatiky},
  author={Jiří Matoušek},
  year={2006},
  url={https://iti.mff.cuni.cz/series/2006/311.pdf},
  publisher={KAM MFF UK},
  urldate={2020-11-11}
}

@inproceedings{adamuthe2012tabu,
  title={Tabu search for solving personnel scheduling problem},
  author={Adamuthe, Amol C and Bichkar, Rajankumar S},
  booktitle={2012 International Conference on Communication, Information \& Computing Technology (ICCICT)},
  pages={1--6},
  year={2012},
  organization={IEEE}
}

@article{zucchi2020personnel,
  title={Personnel scheduling during Covid-19 pandemic},
  author={Zucchi, Giorgio and Iori, Manuel and Subramanian, Anand},
  journal={Optimization Letters},
  pages={1--12},
  year={2020},
  publisher={Springer}
}

@article{vaclavik2016roster,
  title={Roster evaluation based on classifiers for the nurse rostering problem},
  author={V{\'a}clav{\'i}k, Roman and {\v{S}}{\uu}cha, P{\v{r}}emysl and Hanz{\'a}lek, Zden{\v{e}}k},
  journal={Journal of Heuristics},
  volume={22},
  number={5},
  pages={667--697},
  year={2016},
  publisher={Springer}
}

@online{chen2016comparison,
  title={A Comparison of Approaches to the Nurse Scheduling Problem},
  author={Yijing Chen and Andrew Liu and Elizabeth Sciannella and Alice Zhang},
  year={2016},
  url={https://www.math.cmu.edu/~af1p/Teaching/OR2/Projects/P52/FinalPaper.pdf},
  urldate={2020-11-15},
  publisher={Department of Mathematical Sciences, Carnegie Mellon University}
}


@article{anuar2016modified,
  title={A modified scout bee for artificial bee colony algorithm and its performance on optimization problems},
  author={Anuar, Syahid and Selamat, Ali and Sallehuddin, Roselina},
  journal={Journal of King Saud University-Computer and Information Sciences},
  volume={28},
  number={4},
  pages={395--406},
  year={2016},
  publisher={Elsevier}
}

@article{banharnsakun2011best,
  title={The best-so-far selection in artificial bee colony algorithm},
  author={Banharnsakun, Anan and Achalakul, Tiranee and Sirinaovakul, Booncharoen},
  journal={Applied soft computing},
  volume={11},
  number={2},
  pages={2888--2901},
  year={2011},
  publisher={Elsevier}
}

@article{karaboga2010artificial,
  title={Artificial bee colony algorithm},
  author={Karaboga, Dervis},
  journal={scholarpedia},
  volume={5},
  number={3},
  pages={6915},
  year={2010}
}

@article{karaboga2014comprehensive,
  title={A comprehensive survey: artificial bee colony (ABC) algorithm and applications},
  author={Karaboga, Dervis and Gorkemli, Beyza and Ozturk, Celal and Karaboga, Nurhan},
  journal={Artificial Intelligence Review},
  volume={42},
  number={1},
  pages={21--57},
  year={2014},
  publisher={Springer}
}

@article{de2011categorisation,
  title={A ca\-te\-go\-ri\-sa\-tion of nurse rostering problems},
  author={De Causmaecker, Patrick and Berghe, Greet Vanden},
  journal={Journal of Scheduling},
  volume={14},
  number={1},
  pages={3--16},
  year={2011},
  publisher={Springer}
}

@online{devise,
  author = {Lynn Dylan Hurley},
  title = {Devise Token Auth. Controller Integration},
  urldate={2020-12-22},
  url={https://devise-token-auth.gitbook.io/devise-token-auth/usage/controller_methods}
}

@online{rails2020,
  author = {rubyonrails.org},
  title = {Getting Started with Rails},
  urldate={2020-12-22},
  url={https://guides.rubyonrails.org/getting_started.html}
}

@online{android2020livedata,
  author={Android},
  title={LiveData Overview},
  urldate={2020-12-22},
  url={https://developer.android.com/topic/libraries/architecture/livedata}
}

@online{android2020room,
  author={Android},
  title={Save data in a local database using Room},
  urldate={2020-12-23},
  url={https://developer.android.com/training/data-storage/room}
}

@online{tamigo2020reseni,
  author={Tamigo},
  title={tamigo -- Řešení},
  url={https://www.tamigo.cz/reseni},
  urldate={2020-12-24}
}

@online{tanda2020rosters,
  author={Tanda},
  title={Rosters},
  url={https://www.tanda.co/features/rosters/},
  urldate={2020-12-26}
}

@online{wheinwork2020employee,
  author={When~I~Work},
  title={Free employee scheduling app},
  url={https://wheniwork.com/features/employee-scheduling-software/},
  urldate={2020-12-26}
}

@online{wheinwork2020pricing,
  author={When~I~Work},
  title={Pricing},
  url={https://wheniwork.com/pricing/},
  urldate={2020-12-26}
}

@online{android2020guide,
  author={Android},
  title={Guide to app architecture},
  url={https://developer.android.com/jetpack/guide},
  urldate={2020-12-28}
}

@online{koin2020what,
  author={Koin},
  title={What is Koin?},
  url={https://insert-koin.io/},
  urldate={2020-12-28}
}

@online{kantamani2019understand,
  url={https://medium.com/mindorks/understand-how-does-retrofit-work-c9e264131f4a},
  urldate={2020-12-28},
  date={2019-12-08},
  author={Satya Pavan Kantamani},
  title={Understand How does Retrofit work},
  journal={MindOrks}
}

@online{shekhar2020mvvm,
  url={https://blog.mindorks.com/mvvm-architecture-android-tutorial-for-beginners-step-by-step-guide},
  urldate={2020-12-28},
  date={2020-03-04},
  author={Amit Shekhar},
  title={Understand How does Retrofit work},
  journal={MindOrks}
}

@online{vogel2017android,
  url={https://www.vogella.com/tutorials/AndroidArchitecture/article.html},
  urldate={2020-12-29},
  date={2017-04-18},
  author={Lars Vogel},
  title={Android Architecture with MVP or MVVM - Tutorial}
}

@online{material2020introduction,
  url={https://material.io/design/introduction#principles},
  urldate={2020-12-30},
  author={Material~Design},
  title={Introduction}
}

@online{material2020material,
  url={https://github.com/material-components/material-components-android},
  urldate={2020-12-30},
  author={Material~Design},
  title={Material Components for Android}
}

@online{android2021security,
  url={https://developer.android.com/topic/security/data},
  urldate={2021-01-01},
  author={Android},
  title={Work with data more securely}
}

@online{square2021moshi,
  url={https://github.com/square/moshi},
  author={square},
  urldate={2021-01-01},
  title={Moshi}
}

@online{android2020activity,
  url={https://developer.android.com/reference/android/app/Activity},
  author={Android},
  urldate={2020-12-31},
  title={Activity}
}

@online{android2020fragments,
  url={https://developer.android.com/guide/fragments},
  author={Android},
  urldate={2020-12-31},
  title={Fragments}
}

@online{obut2020logger,
  url={https://github.com/orhanobut/logger},
  author={Orhan Obut},
  urldate={2020-12-31},
  title={Logger}
}

@online{sanchez2020lynx,
  title={Lynx},
  urldate={2020-12-22},
  url={https://github.com/pedrovgs/Lynx},
  author={Pedro Vicente Gómez Sánchez}
}

@online{lazarova2020low,
  date={2018-05-08},
  urldate={2020-12-31},
  author={Tsvetelina Lazarova},
  title={Low Fidelity Wireframes vs High Fidelity Wireframes},
  journal={Mentoramate},
  url={https://mentormate.com/blog/low-fidelity-wireframes-vs-high-fidelity-wireframes}
}

@online{android2020data,
  url={https://developer.android.com/topic/libraries/data-binding},
  author={Android},
  title={Data Binding Library},
  urldate={2020-12-23}
}

@online{follestad2021vvalidator,
  author={Aidan Follestad},
  url={https://github.com/afollestad/vvalidator},
  title={VValidator},
  urldate={2021-01-02}
}

@online{jain2019kotlin,
  url={https://proandroiddev.com/kotlin-clean-architecture-1ad42fcd97fa},
  author={Rakshit Jain},
  date={2019-02-17},
  journal={ProAndroidDev},
  title={Kotlin Clean Architecture}
}

@online{android2020layouts,
  url={https://developer.android.com/guide/topics/ui/declaring-layout},
  author={Android},
  urldate={2020-12-31},
  title={Layouts}
}

@online{android2020jetpack,
  url={https://developer.android.com/jetpack},
  author={Android},
  urldate={2020-12-31},
  title={Jetpack}
}
